@ARTICLE{IoTSurveyAl-Fuqaha,
  author={Al-Fuqaha, Ala and Guizani, Mohsen and Mohammadi, Mehdi and Aledhari, Mohammed and Ayyash, Moussa},
  journal={IEEE Communications Surveys & Tutorials}, 
  title={Internet of Things: A Survey on Enabling Technologies, Protocols, and Applications}, 
  year={2015},
  volume={17},
  number={4},
  pages={2347-2376},
  doi={10.1109/COMST.2015.2444095}}